<record><leader>00000cas a22000007a 4500</leader><controlfield tag="001">14157036</controlfield><controlfield tag="008">860828c19849999mtuwr ne      0    0eng d</controlfield><datafield ind1=" " ind2=" " tag="010"><subfield code="a">sn 86075307 </subfield></datafield><datafield ind1=" " ind2=" " tag="040"><subfield code="a">MTL</subfield><subfield code="b">eng</subfield><subfield code="c">MTL</subfield><subfield code="d">OCLCQ</subfield></datafield><datafield ind1=" " ind2=" " tag="042"><subfield code="a">msc</subfield></datafield><datafield ind1="0" ind2="4" tag="245"><subfield code="a">The Valierian.</subfield></datafield><datafield ind1=" " ind2=" " tag="260"><subfield code="a">Valier, Mont. :</subfield><subfield code="b">N. and J. Ballantyne,</subfield><subfield code="c">1984-</subfield></datafield><datafield ind1=" " ind2=" " tag="300"><subfield code="a">v. :</subfield><subfield code="b">ill. ;</subfield><subfield code="c">58 cm.</subfield></datafield><datafield ind1=" " ind2=" " tag="310"><subfield code="a">Weekly</subfield></datafield><datafield ind1="0" ind2=" " tag="362"><subfield code="a">Vol. 8, no. 23 (July 12, 1984)-</subfield></datafield><datafield ind1=" " ind2=" " tag="752"><subfield code="a">United States</subfield><subfield code="b">Montana</subfield><subfield code="c">Pondera</subfield><subfield code="d">Valier.</subfield></datafield><datafield ind1="0" ind2="0" tag="780"><subfield code="t">Spray (Valier, Mont.)</subfield><subfield code="w">(DLC)sn 86075306</subfield></datafield><datafield ind1="1" ind2=" " tag="029"><subfield code="a">AU@</subfield><subfield code="b">000025803905</subfield></datafield></record>